@misc{bib:waterfall,
title={Waterfall model},
howpublished=\url{http://en.wikipedia.org/wiki/Waterfall_model}
}